<?xml version="1.0" encoding="UTF-8"?>
<record>
  <leader>02155cam#a2200409#c#4500</leader>
  <controlfield tag="003">DE-605</controlfield>
  <controlfield tag="005">20250113100403.0</controlfield>
  <controlfield tag="007">cr#|||||||||||</controlfield>
  <controlfield tag="008">200530|2019####xx######o#####|||#|#####c</controlfield>
  <controlfield tag="001">990367827200206441</controlfield>
  <datafield tag="016" ind1="7" ind2=" ">
    <subfield code="a">45914</subfield>
    <subfield code="2">XX-XxUND</subfield>
  </datafield>
  <datafield tag="020" ind1=" " ind2=" ">
    <subfield code="a">9786599036491</subfield>
  </datafield>
  <datafield tag="035" ind1=" " ind2=" ">
    <subfield code="a">(DE-605)HT020589375</subfield>
  </datafield>
  <datafield tag="040" ind1=" " ind2=" ">
    <subfield code="a">OAPEN Foundation</subfield>
    <subfield code="b">ger</subfield>
    <subfield code="c">82</subfield>
    <subfield code="d">DE-605</subfield>
  </datafield>
  <datafield tag="100" ind1="1" ind2=" ">
    <subfield code="a">Paiva, Jane</subfield>
    <subfield code="4">aut</subfield>
  </datafield>
  <datafield tag="245" ind1="1" ind2="0">
    <subfield code="a">Aprendizados ao longo da vida : sujeitos, políticas e processos educativos</subfield>
  </datafield>
  <datafield tag="264" ind1=" " ind2="1">
    <subfield code="b">SciELO Books - EDUERJ</subfield>
    <subfield code="c">2019</subfield>
  </datafield>
  <datafield tag="300" ind1=" " ind2=" ">
    <subfield code="a">1 electronic resource ( pages)</subfield>
  </datafield>
  <datafield tag="336" ind1=" " ind2=" ">
    <subfield code="b">txt</subfield>
  </datafield>
  <datafield tag="337" ind1=" " ind2=" ">
    <subfield code="b">c</subfield>
  </datafield>
  <datafield tag="338" ind1=" " ind2=" ">
    <subfield code="b">cr</subfield>
  </datafield>
  <datafield tag="035" ind1=" " ind2=" ">
    <subfield code="a">(hbzERes_OAPEN)41131</subfield>
  </datafield>
  <datafield tag="035" ind1=" " ind2=" ">
    <subfield code="a">(DE-599)HBZHT020589375</subfield>
  </datafield>
  <datafield tag="024" ind1="7" ind2=" ">
    <subfield code="a">https://doi.or/10.7476/9786599036491</subfield>
    <subfield code="2">doi</subfield>
  </datafield>
  <datafield tag="960" ind1="1" ind2=" ">
    <subfield code="i">OA</subfield>
  </datafield>
  <datafield tag="962" ind1=" " ind2=" ">
    <subfield code="e">ZDB-94-OAB</subfield>
  </datafield>
  <datafield tag="964" ind1="0" ind2="s">
    <subfield code="F">051</subfield>
    <subfield code="A">m|||||||</subfield>
  </datafield>
  <datafield tag="964" ind1="0" ind2="i">
    <subfield code="I">marc-FMT via MAB2MARC</subfield>
    <subfield code="F">FMT</subfield>
    <subfield code="A">BK</subfield>
  </datafield>
  <datafield tag="964" ind1="0" ind2="s">
    <subfield code="F">030</subfield>
    <subfield code="A">a||||||||||17</subfield>
  </datafield>
  <datafield tag="964" ind1="0" ind2="s">
    <subfield code="F">050</subfield>
    <subfield code="A">||||||||g|||||</subfield>
  </datafield>
  <datafield tag="912" ind1=" " ind2=" ">
    <subfield code="a">ZDB-94-OAB</subfield>
  </datafield>
  <datafield tag="856" ind1="4" ind2="0">
    <subfield code="u">http://books.scielo.org/id/g8qcy</subfield>
    <subfield code="z">DOAB: download the publication</subfield>
    <subfield code="z">kostenfrei</subfield>
  </datafield>
  <datafield tag="856" ind1="4" ind2="0">
    <subfield code="u">https://directory.doabooks.org/handle/20.500.12854/41131</subfield>
    <subfield code="z">DOAB: description of the publication</subfield>
    <subfield code="z">kostenfrei</subfield>
  </datafield>
  <datafield tag="650" ind1=" " ind2="4">
    <subfield code="a">Education (General)</subfield>
  </datafield>
  <datafield tag="506" ind1="0" ind2=" ">
    <subfield code="a">Open Access</subfield>
    <subfield code="f">Unrestricted online access</subfield>
    <subfield code="2">star</subfield>
  </datafield>
  <datafield tag="520" ind1="3" ind2=" ">
    <subfield code="a">O direito à educação como pilar da cidadania e da dignidade humana permeia essa obra, que reúne a produção dos pesquisadores no campo da Educação de Jovens e Adultos (EJA), estimulando o intercâmbio necessário entre a academia e a sociedade. Os capítulos permitem uma reflexão sobre a situação dos sujeitos a quem se destina a EJA, indivíduos que, embora tenham seus direitos constitucionalmente assegurados, vivem ameaçados na prática social e política. Os autores abordam temas como as possibilidades de aprendizados oferecidas pelo Estado em espaços públicos; os aportes teórico-conceituais que analisam a cultura escrita do público-alvo da EJA; a inserção das questões relativas a gênero, sexualidade e envelhecimento, assim como aspectos específicos relacionados à formação de educadores, entre outros</subfield>
  </datafield>
  <datafield tag="546" ind1=" " ind2=" ">
    <subfield code="a">Portuguese</subfield>
  </datafield>
  <datafield tag="MBD" ind1=" " ind2=" ">
    <subfield code="M">49HBZ_NETWORK</subfield>
    <subfield code="i">990367827200206441</subfield>
    <subfield code="n">HBZ Network</subfield>
  </datafield>
  <datafield tag="MBD" ind1=" " ind2=" ">
    <subfield code="M">49HBZ_HSK</subfield>
    <subfield code="i">991002153239308978</subfield>
    <subfield code="n">Hochschule Koblenz</subfield>
  </datafield>
  <datafield tag="MNG" ind1=" " ind2=" ">
    <subfield code="c">System</subfield>
    <subfield code="f">HBZ</subfield>
    <subfield code="i">marc21</subfield>
    <subfield code="h">20221108183500.0</subfield>
    <subfield code="l">62</subfield>
    <subfield code="k">01</subfield>
    <subfield code="e">false</subfield>
    <subfield code="d">2025-01-13 10:04:03 Europe/Berlin</subfield>
    <subfield code="g">036782720-HBZ01</subfield>
    <subfield code="j">60</subfield>
    <subfield code="a">import</subfield>
    <subfield code="b">2021-04-06 04:28:42 Europe/Berlin</subfield>
  </datafield>
  <datafield tag="POR" ind1=" " ind2=" ">
    <subfield code="j">DOAB Directory of Open Access Books</subfield>
    <subfield code="x">System</subfield>
    <subfield code="a">53795705690006441</subfield>
    <subfield code="M">49HBZ_NETWORK</subfield>
    <subfield code="p">61737818980006441</subfield>
    <subfield code="q">DOAB - Directory of Open Access Books (ZDB-94-OAB)</subfield>
    <subfield code="c">static</subfield>
    <subfield code="B">Produktsigel: ZDB-94-OAB 
NZ Phase 1 - Wave 1: NZ-P2E
E-Book-Verfahren: oapen?</subfield>
    <subfield code="A">49HBZ_EVH</subfield>
    <subfield code="A">49HBZ_DUE</subfield>
    <subfield code="A">49HBZ_FHA</subfield>
    <subfield code="A">49HBZ_ULB</subfield>
    <subfield code="A">49HBZ_UBA</subfield>
    <subfield code="A">49HBZ_UDE</subfield>
    <subfield code="A">49HBZ_HSN</subfield>
    <subfield code="A">49HBZ_UBD</subfield>
    <subfield code="A">49HBZ_FUH</subfield>
    <subfield code="A">49HBZ_FDO</subfield>
    <subfield code="A">49HBZ_WUP</subfield>
    <subfield code="A">49HBZ_HHL</subfield>
    <subfield code="A">49HBZ_HSD</subfield>
    <subfield code="A">49HBZ_RTU</subfield>
    <subfield code="A">49HBZ_ZBS</subfield>
    <subfield code="A">49HBZ_THK</subfield>
    <subfield code="A">49HBZ_UBT</subfield>
    <subfield code="A">49HBZ_RUW</subfield>
    <subfield code="A">49HBZ_ZBM</subfield>
    <subfield code="A">49HBZ_FHM</subfield>
    <subfield code="A">49HBZ_ULM</subfield>
    <subfield code="A">49HBZ_UBO</subfield>
    <subfield code="A">49HBZ_PAD</subfield>
    <subfield code="A">49HBZ_TGA</subfield>
    <subfield code="A">49HBZ_HSK</subfield>
    <subfield code="y">2022-10-17 18:06:28 Europe/Berlin</subfield>
    <subfield code="w">2022-10-17 18:06:23 Europe/Berlin</subfield>
    <subfield code="D">https://eu04.alma.exlibrisgroup.com/view/uresolver/49HBZ_NETWORK/openurl?u.ignore_date_coverage=true&amp;portfolio_pid=53795705690006441&amp;Force_direct=true</subfield>
    <subfield code="v">System</subfield>
    <subfield code="z">2022-10-17 16:06:23</subfield>
    <subfield code="i">false</subfield>
    <subfield code="S">62737818970006441</subfield>
    <subfield code="d">https://hbz-network.userservices.exlibrisgroup.com/view/uresolver/49HBZ_NETWORK/openurl?u.ignore_date_coverage=true&amp;rft.mms_id=990367827200206441</subfield>
    <subfield code="b">Available</subfield>
    <subfield code="f">BOOK</subfield>
    <subfield code="e">https://directory.doabooks.org/handle/20.500.12854/41131</subfield>
    <subfield code="8">53795705690006441</subfield>
  </datafield>
  <datafield tag="POR" ind1=" " ind2=" ">
    <subfield code="j">DOAB Directory of Open Access Books</subfield>
    <subfield code="x">System</subfield>
    <subfield code="a">53795705730006441</subfield>
    <subfield code="M">49HBZ_NETWORK</subfield>
    <subfield code="p">61737818980006441</subfield>
    <subfield code="q">DOAB - Directory of Open Access Books (ZDB-94-OAB)</subfield>
    <subfield code="c">static</subfield>
    <subfield code="B">Produktsigel: ZDB-94-OAB 
NZ Phase 1 - Wave 1: NZ-P2E
E-Book-Verfahren: oapen?</subfield>
    <subfield code="A">49HBZ_EVH</subfield>
    <subfield code="A">49HBZ_DUE</subfield>
    <subfield code="A">49HBZ_FHA</subfield>
    <subfield code="A">49HBZ_ULB</subfield>
    <subfield code="A">49HBZ_UBA</subfield>
    <subfield code="A">49HBZ_UDE</subfield>
    <subfield code="A">49HBZ_HSN</subfield>
    <subfield code="A">49HBZ_UBD</subfield>
    <subfield code="A">49HBZ_FUH</subfield>
    <subfield code="A">49HBZ_FDO</subfield>
    <subfield code="A">49HBZ_WUP</subfield>
    <subfield code="A">49HBZ_HHL</subfield>
    <subfield code="A">49HBZ_HSD</subfield>
    <subfield code="A">49HBZ_RTU</subfield>
    <subfield code="A">49HBZ_ZBS</subfield>
    <subfield code="A">49HBZ_THK</subfield>
    <subfield code="A">49HBZ_UBT</subfield>
    <subfield code="A">49HBZ_RUW</subfield>
    <subfield code="A">49HBZ_ZBM</subfield>
    <subfield code="A">49HBZ_FHM</subfield>
    <subfield code="A">49HBZ_ULM</subfield>
    <subfield code="A">49HBZ_UBO</subfield>
    <subfield code="A">49HBZ_PAD</subfield>
    <subfield code="A">49HBZ_TGA</subfield>
    <subfield code="A">49HBZ_HSK</subfield>
    <subfield code="y">2022-10-17 18:06:28 Europe/Berlin</subfield>
    <subfield code="w">2022-10-17 18:06:23 Europe/Berlin</subfield>
    <subfield code="D">https://eu04.alma.exlibrisgroup.com/view/uresolver/49HBZ_NETWORK/openurl?u.ignore_date_coverage=true&amp;portfolio_pid=53795705730006441&amp;Force_direct=true</subfield>
    <subfield code="v">System</subfield>
    <subfield code="z">2022-10-17 16:06:23</subfield>
    <subfield code="i">false</subfield>
    <subfield code="S">62737818970006441</subfield>
    <subfield code="d">https://hbz-network.userservices.exlibrisgroup.com/view/uresolver/49HBZ_NETWORK/openurl?u.ignore_date_coverage=true&amp;rft.mms_id=990367827200206441</subfield>
    <subfield code="b">Available</subfield>
    <subfield code="f">BOOK</subfield>
    <subfield code="e">http://books.scielo.org/id/g8qcy</subfield>
    <subfield code="8">53795705730006441</subfield>
  </datafield>
</record>
